<record><leader>00000cas a22000007a 4500</leader><controlfield tag="001">20377934</controlfield><controlfield tag="008">890921d188618uulauuu ne      0    0eng d</controlfield><datafield ind1=" " ind2=" " tag="010"><subfield code="a">sn 89059365 </subfield></datafield><datafield ind1=" " ind2=" " tag="040"><subfield code="a">LNP</subfield><subfield code="b">eng</subfield><subfield code="c">LNP</subfield><subfield code="d">OCLCQ</subfield></datafield><datafield ind1=" " ind2=" " tag="042"><subfield code="a">msc</subfield></datafield><datafield ind1="0" ind2="4" tag="245"><subfield code="a">The Lake Borgne outlet.</subfield></datafield><datafield ind1=" " ind2=" " tag="260"><subfield code="a">Washington, D.C. ;</subfield><subfield code="a">New Orleans, La. :</subfield><subfield code="b">Lake Borgne Pub. Co.</subfield></datafield><datafield ind1=" " ind2=" " tag="300"><subfield code="a">v.</subfield></datafield><datafield ind1="1" ind2=" " tag="362"><subfield code="a">Began in 1886?</subfield></datafield><datafield ind1=" " ind2=" " tag="588"><subfield code="a">Description based on: Vol. 1, no. 2 (Jan. 8, 1887).</subfield></datafield><datafield ind1=" " ind2=" " tag="752"><subfield code="a">United States</subfield><subfield code="b">Louisiana</subfield><subfield code="c">Orleans</subfield><subfield code="d">New Orleans.</subfield></datafield><datafield ind1=" " ind2=" " tag="752"><subfield code="a">United States</subfield><subfield code="b">District of Columbia</subfield><subfield code="d">Washington.</subfield></datafield></record>